<?xml version="1.0" encoding="UTF-8"?>
  <record xmlns="http://www.loc.gov/MARC21/slim" type="Authority">
    <leader>00000nz  a2200000oc 4500</leader>
    <controlfield tag="001">1223212327</controlfield>
    <controlfield tag="003">DE-101</controlfield>
    <controlfield tag="005">20210507084514.0</controlfield>
    <controlfield tag="008">201211n||aznnnaabn           | aaa    |c</controlfield>
    <datafield tag="024" ind1="7" ind2=" ">
      <subfield code="a">1223212327</subfield>
      <subfield code="0">http://d-nb.info/gnd/1223212327</subfield>
      <subfield code="2">gnd</subfield>
    </datafield>
    <datafield tag="035" ind1=" " ind2=" ">
      <subfield code="a">(DE-101)1223212327</subfield>
    </datafield>
    <datafield tag="035" ind1=" " ind2=" ">
      <subfield code="a">(DE-588)1223212327</subfield>
    </datafield>
    <datafield tag="040" ind1=" " ind2=" ">
      <subfield code="a">DE-17</subfield>
      <subfield code="c">DE-17</subfield>
      <subfield code="9">r:DE-17</subfield>
      <subfield code="b">ger</subfield>
      <subfield code="d">2214</subfield>
      <subfield code="e">rda</subfield>
    </datafield>
    <datafield tag="042" ind1=" " ind2=" ">
      <subfield code="a">gnd3</subfield>
    </datafield>
    <datafield tag="043" ind1=" " ind2=" ">
      <subfield code="c">XA-DK</subfield>
    </datafield>
    <datafield tag="075" ind1=" " ind2=" ">
      <subfield code="b">p</subfield>
      <subfield code="2">gndgen</subfield>
    </datafield>
    <datafield tag="075" ind1=" " ind2=" ">
      <subfield code="b">piz</subfield>
      <subfield code="2">gndspec</subfield>
    </datafield>
    <datafield tag="079" ind1=" " ind2=" ">
      <subfield code="a">g</subfield>
      <subfield code="q">f</subfield>
    </datafield>
    <datafield tag="100" ind1="1" ind2=" ">
      <subfield code="a">Worm til Vaar, Jørgen Ernst</subfield>
      <subfield code="d">1591-</subfield>
    </datafield>
    <datafield tag="400" ind1="1" ind2=" ">
      <subfield code="a">Worm til Vaar og Ørndrup, Jørgen Ernst</subfield>
      <subfield code="d">1591-</subfield>
    </datafield>
    <datafield tag="400" ind1="1" ind2=" ">
      <subfield code="a">Worm, Georg Ernst</subfield>
      <subfield code="d">1591-</subfield>
    </datafield>
    <datafield tag="400" ind1="1" ind2=" ">
      <subfield code="a">Worm, Georg Ernst &#152;der Jüngere&#156;</subfield>
      <subfield code="d">1591-</subfield>
    </datafield>
    <datafield tag="400" ind1="1" ind2=" ">
      <subfield code="a">Worm, Jørgen Ernst &#152;den yngre&#156;</subfield>
      <subfield code="d">1591-</subfield>
    </datafield>
    <datafield tag="400" ind1="1" ind2=" ">
      <subfield code="a">Worm, Georgius Ernestus</subfield>
      <subfield code="d">1591-</subfield>
    </datafield>
    <datafield tag="548" ind1=" " ind2=" ">
      <subfield code="a">1591-</subfield>
      <subfield code="4">datl</subfield>
      <subfield code="4">https://d-nb.info/standards/elementset/gnd#dateOfBirth</subfield>
      <subfield code="w">r</subfield>
      <subfield code="i">Lebensdaten</subfield>
    </datafield>
    <datafield tag="548" ind1=" " ind2=" ">
      <subfield code="a">1609-1634</subfield>
      <subfield code="4">datw</subfield>
      <subfield code="4">https://d-nb.info/standards/elementset/gnd#periodOfActivity</subfield>
      <subfield code="w">r</subfield>
      <subfield code="i">Wirkungsdaten</subfield>
    </datafield>
    <datafield tag="670" ind1=" " ind2=" ">
      <subfield code="a">Den danske Atlas, Bd. 5, 1, s. 96; geni.com</subfield>
      <subfield code="b">Stand: 07.05.2021</subfield>
      <subfield code="u">https://www.geni.com/people/Georg-Ernst-J%C3%B8rgen-Worm/6000000014852092304</subfield>
    </datafield>
    <datafield tag="670" ind1=" " ind2=" ">
      <subfield code="a">Finnholbek</subfield>
      <subfield code="b">Stand: 07.05.2021</subfield>
      <subfield code="u">https://finnholbek.dk/getperson.php?personID=I90435&amp;tree=2</subfield>
    </datafield>
    <datafield tag="670" ind1=" " ind2=" ">
      <subfield code="a">Livre Recteur Academie Genève, S. 259</subfield>
    </datafield>
    <datafield tag="678" ind1=" " ind2=" ">
      <subfield code="b">Sohn von Georg (Jørgen) Ernst Worn d.Ä. (1540-1592); Herr auf Vaar und Ørndrup (Nordjutland), u.a. großer Landbesitzer, Student u. a. in Genf und Giessen (1608), 1612-1614 Kanzleisekräter in Dänemark</subfield>
    </datafield>
  </record>
